@article{santosa1986,
  title         = {Linear Inversion of Band-Limited Reflection Seismograms},
  author        = {Santosa, Fadil and Symes, William W.},
  year          = {1986},
  month         = oct,
  journal       = {SIAM Journal on Scientific and Statistical Computing},
  volume        = {7},
  number        = {4},
  pages         = {1307--1330},
  doi           = {10.1137/0907087},
  issn          = {0196-5204},
  urldate       = {2023-11-21},
  langid        = {english}
}

@article{donoho1994,
  title         = {Ideal Spatial Adaptation by Wavelet Shrinkage},
  author        = {Donoho, David L. and Johnstone, Iain M.},
  year          = {1994},
  month         = aug,
  journal       = {Biometrika},
  volume        = {81},
  number        = {3},
  pages         = {425--455},
  doi           = {10.2307/2337118},
  issn          = {0006-3444},
  urldate       = {2023-10-06},
  eprint        = {2337118},
  eprinttype    = {jstor}
}

@article{donoho1995,
  title         = {Adapting to Unknown Smoothness via Wavelet Shrinkage},
  author        = {Donoho, David L. and Johnstone, Iain M.},
  year          = {1995},
  journal       = {Journal of the American Statistical Association},
  volume        = {90},
  number        = {432},
  pages         = {1200--1224},
  doi           = {10.2307/2291512},
  issn          = {0162-1459},
  urldate       = {2023-11-03},
  eprint        = {2291512},
  eprinttype    = {jstor}
}

@article{tibshirani1996,
  title         = {Regression Shrinkage and Selection via the Lasso},
  author        = {Tibshirani, Robert},
  year          = {1996},
  journal       = {The Journal of the Royal Statistical Society, Series B (Statistical Methodology)},
  volume        = {58},
  number        = {1},
  pages         = {267--288},
  doi           = {10.1111/j.2517-6161.1996.tb02080.x},
  issn          = {0035-9246},
  urldate       = {2018-03-12},
  eprint        = {2346178},
  eprinttype    = {jstor},
  langid        = {english}
}

@article{zou2005,
  title         = {Regularization and Variable Selection via the {{Elastic Net}}},
  author        = {Zou, Hui and Hastie, Trevor},
  year          = {2005},
  journal       = {The Journal of the Royal Statistical Society, Series B (Statistical Methodology)},
  volume        = {67},
  number        = {2},
  pages         = {301--320},
  issn          = {1369-7412},
  urldate       = {2018-03-12}
}

@article{bondell2008,
  title         = {
    Simultaneous Regression Shrinkage, Variable Selection, and Supervised Clustering of Predictors
    with {{OSCAR}}
  },
  author        = {Bondell, Howard D. and Reich, Brian J.},
  year          = {2008},
  month         = mar,
  journal       = {Biometrics},
  volume        = {64},
  number        = {1},
  pages         = {115--123},
  doi           = {10.1111/j.1541-0420.2007.00843.x},
  issn          = {0006-341X},
  urldate       = {2020-01-23},
  eprint        = {25502027},
  eprinttype    = {jstor},
  keywords      = {convex-optimization,regression,slope}
}

@misc{bogdan2013,
  title         = {Statistical Estimation and Testing via the Sorted {{L1}} Norm},
  author        = {Bogdan, Ma{\l}gorzata and van den Berg, Ewout and Su, Weijie and Cand{\`e}s, Emmanuel J.},
  year          = {2013},
  month         = oct,
  publisher     = {arXiv},
  number        = {arXiv:1310.1969},
  doi           = {10.48550/arXiv.1310.1969},
  urldate       = {2020-04-16},
  eprint        = {1310.1969},
  primaryclass  = {math, stat},
  archiveprefix = {arXiv},
  keywords      = {Mathematics - Statistics Theory,Statistics - Methodology}
}

@article{zeng2014,
  title         = {Decreasing Weighted Sorted L1 Regularization},
  author        = {Zeng, Xiangrong and Figueiredo, M{\'a}rio A. T.},
  year          = {2014},
  month         = oct,
  journal       = {IEEE Signal Processing Letters},
  volume        = {21},
  number        = {10},
  pages         = {1240--1244},
  doi           = {10.1109/LSP.2014.2331977},
  issn          = {1070-9908, 1558-2361},
  keywords      = {
    Abstracts,argument vector,Clustering algorithms,decreasing weighted sorted 1
    regularization,dual norm,DWSL1,Linear regression,Materials,Moreau proximity
    operator,norms,octagonal shrinkage and clustering algorithm for regression,OSCAR,pattern
    clustering,Proximal splitting algorithms,regression analysis,Signal processing
    algorithms,sorted $\ell_1$ norm,Sorting,structured sparsity,Vectors
  }
}

@article{bogdan2015,
  title         = {{{SLOPE}} -- Adaptive Variable Selection via Convex Optimization},
  author        = {
    Bogdan, Ma{\l}gorzata and van den Berg, Ewout and Sabatti, Chiara and Su, Weijie and
    Cand{\`e}s, Emmanuel J.
  },
  year          = {2015},
  month         = sep,
  journal       = {The annals of applied statistics},
  volume        = {9},
  number        = {3},
  pages         = {1103--1140},
  doi           = {10.1214/15-AOAS842},
  issn          = {1932-6157},
  urldate       = {2018-12-17},
  pmid          = {26709357},
  keywords      = {\_tablet,convex-optimization,l1-regularization,slope}
}

@article{luo2019,
  title         = {
    Solving the {{OSCAR}} and {{SLOPE}} Models Using a Semismooth {{Newton-based}} Augmented
    {{Lagrangian}} Method
  },
  author        = {Luo, Ziyan and Sun, Defeng and Toh, Kim-Chuan and Xiu, Naihua},
  year          = {2019},
  journal       = {Journal of Machine Learning Research},
  volume        = {20},
  number        = {106},
  pages         = {1--25},
  issn          = {1533-7928},
  urldate       = {2020-03-06},
  langid        = {english}
}

@techreport{kremer2019,
  title         = {Sparse Index Clones via the Sorted {{L1-norm}}},
  author        = {Kremer, Philipp and Brzyski, Damian and Bogdan, Ma{\l}gorzata and Paterlini, Sandra},
  year          = {2019},
  month         = jun,
  address       = {Rochester, NY},
  number        = {ID 3412061},
  pages         = {1--30},
  doi           = {10.2139/ssrn.3412061},
  urldate       = {2020-05-07},
  type          = {{SSRN Scholarly Paper}},
  institution   = {Social Science Research Network},
  langid        = {english},
  keywords      = {Hedge Fund Clones,Index Tracking,Regularization,SLOPE}
}

@inproceedings{larsson2020a,
  title         = {The Strong Screening Rule for {{SLOPE}}},
  author        = {Larsson, Johan and Bogdan, Ma{\l}gorzata and Wallin, Jonas},
  year          = {2020-12-06/2020-12-12},
  booktitle     = {Advances in Neural Information Processing Systems 33},
  publisher     = {Curran Associates, Inc.},
  address       = {Virtual},
  volume        = {33},
  pages         = {14592--14603},
  isbn          = {978-1-7138-2954-6},
  editor        = {
    Larochelle, Hugo and Ranzato, Marc'Aurelio and Hadsell, Raia and Balcan, Maria-Florina and Lin,
    Hsuan-Tien
  },
  langid        = {english}
}

@inproceedings{moreau2022a,
  title         = {Benchopt: Reproducible, Efficient and Collaborative Optimization Benchmarks},
  shorttitle    = {Benchopt},
  author        = {
    Moreau, Thomas and Massias, Mathurin and Gramfort, Alexandre and Ablin, Pierre and Bannier,
    Pierre-Antoine and Charlier, Benjamin and Dagr{\'e}ou, Mathieu and la Tour, Tom Dupr{\'e} and
    Durif, Ghislain and Dantas, Cassio F. and Klopfenstein, Quentin and Larsson, Johan and Lai, En
    and Lefort, Tanguy and Mal{\'e}zieux, Benoit and Moufad, Badr and Nguyen, Binh T. and
    Rakotomamonjy, Alain and Ramzi, Zaccharie and Salmon, Joseph and Vaiter, Samuel
  },
  year          = {2022-11-28/2022-12-09},
  booktitle     = {Advances in Neural Information Processing Systems 35},
  publisher     = {Curran Associates, Inc.},
  address       = {New Orleans, USA},
  volume        = {35},
  pages         = {25404--25421},
  isbn          = {978-1-7138-710G8-8},
  copyright     = {All rights reserved},
  editor        = {Koyejo, S. and Mohamed, S. and Agarwal, A. and Belgrave, D. and Cho, K. and Oh, A.},
  keywords      = {
    Computer Science - Machine Learning,Mathematics - Optimization and Control,Statistics - Machine
    Learning
  }
}

@misc{bogdanPatternRecoverySLOPE2022,
  title         = {Pattern Recovery by {{SLOPE}}},
  author        = {
    Bogdan, Ma{\l}gorzata and Dupuis, Xavier and Graczyk, Piotr and Ko{\l}odziejek, Bartosz and
    Skalski, Tomasz and Tardivel, Patrick and Wilczy{\'n}ski, Maciej
  },
  year          = {2022},
  month         = mar,
  publisher     = {arXiv},
  number        = {arXiv:2203.12086},
  doi           = {10.48550/arXiv.2203.12086},
  urldate       = {2022-06-03},
  eprint        = {2203.12086},
  primaryclass  = {math, stat},
  archiveprefix = {arXiv},
  keywords      = {62J05 (Primary) 62J07 (Secondary),Mathematics - Statistics Theory}
}

@inproceedings{larsson2023,
  title         = {Coordinate Descent for {{SLOPE}}},
  author        = {Larsson, Johan and Klopfenstein, Quentin and Massias, Mathurin and Wallin, Jonas},
  year          = {2023-04-25/2023-04-27},
  booktitle     = {Proceedings of the 26th International Conference on Artificial Intelligence and Statistics},
  publisher     = {PMLR},
  address       = {Valencia, Spain},
  series        = {Proceedings of Machine Learning Research},
  volume        = {206},
  pages         = {4802--4821},
  copyright     = {All rights reserved},
  editor        = {Ruiz, Francisco and Dy, Jennifer and {van de Meent}, Jan-Willem}
}

@article{elvira2023,
  title         = {Safe Rules for the Identification of Zeros in the Solutions of the {{SLOPE}} Problem},
  author        = {Elvira, Cl{\'e}ment and Herzet, C{\'e}dric},
  year          = {2023},
  month         = mar,
  journal       = {SIAM Journal on Mathematics of Data Science},
  publisher     = {{Society for Industrial and Applied Mathematics}},
  volume        = {5},
  number        = {1},
  pages         = {147--173},
  doi           = {10.1137/21M1457631},
  urldate       = {2025-04-24}
}

@misc{larsson2025,
  title         = {The Choice of Normalization Influences Shrinkage in Regularized Regression},
  author        = {Larsson, Johan and Wallin, Jonas},
  year          = {2025},
  month         = jan,
  publisher     = {arXiv},
  number        = {arXiv:2501.03821},
  doi           = {10.48550/arXiv.2501.03821},
  urldate       = {2025-01-22},
  copyright     = {All rights reserved},
  eprint        = {2501.03821},
  primaryclass  = {stat},
  archiveprefix = {arXiv},
  keywords      = {Computer Science - Machine Learning,Statistics - Machine Learning,Statistics - Methodology}
}
